@inproceedings{gotz2018machine,
  title={Machine learning-aided numerical linear algebra: Convolutional neural networks for the efficient preconditioner generation},
  author={G{\"o}tz, Markus and Anzt, Hartwig},
  booktitle={2018 IEEE/ACM 9th Workshop on Latest Advances in Scalable Algorithms for Large-Scale Systems (scalA)},
  pages={49--56},
  year={2018},
  organization={IEEE}
}

@article{ferdian20204dflownet,
  title={4DFlowNet: super-resolution 4D flow MRI using deep learning and computational fluid dynamics},
  author={Ferdian, Edward and Suinesiaputra, Avan and Dubowitz, David J and Zhao, Debbie and Wang, Alan and Cowan, Brett and Young, Alistair A},
  journal={Frontiers in Physics},
  volume={8},
  pages={138},
  year={2020},
  publisher={Frontiers}
}
@article{KATRUTSA2020112524,
    title = {Black-box learning of multigrid parameters},
    journal = {Journal of Computational and Applied Mathematics},
    volume = {368},
    pages = {112524},
    year = {2020},
    issn = {0377-0427},
    doi = {https://doi.org/10.1016/j.cam.2019.112524},
    url = {https://www.sciencedirect.com/science/article/pii/S0377042719305291},
    author = {Alexandr Katrutsa and Talgat Daulbaev and Ivan Oseledets}
}

@article{katrutsa2017deep,
  title={Deep multigrid: learning prolongation and restriction matrices},
  author={Katrutsa, Alexandr and Daulbaev, Talgat and Oseledets, Ivan},
  journal={arXiv preprint arXiv:1711.03825},
  year={2017}
}

@article{liu2020deep,
  title={Deep learning methods for super-resolution reconstruction of turbulent flows},
  author={Liu, Bo and Tang, Jiupeng and Huang, Haibo and Lu, Xi-Yun},
  journal={Physics of Fluids},
  volume={32},
  number={2},
  pages={025105},
  year={2020},
  publisher={AIP Publishing LLC}
}

@article{duru2021cnnfoil,
  title={CNNFOIL: convolutional encoder decoder modeling for pressure fields around airfoils},
  author={Duru, Cihat and Alemdar, Hande and Baran, {\"O}zg{\"u}r U{\u{g}}ra{\c{s}}},
  journal={Neural Computing and Applications},
  volume={33},
  number={12},
  pages={6835--6849},
  year={2021},
  publisher={Springer}
}

@article{bhatnagar2019prediction,
  title={Prediction of aerodynamic flow fields using convolutional neural networks},
  author={Bhatnagar, Saakaar and Afshar, Yaser and Pan, Shaowu and Duraisamy, Karthik and Kaushik, Shailendra},
  journal={Computational Mechanics},
  volume={64},
  number={2},
  pages={525--545},
  year={2019},
  publisher={Springer}
}

@article{badrinarayanan2017segnet,
  title={Segnet: A deep convolutional encoder-decoder architecture for image segmentation},
  author={Badrinarayanan, Vijay and Kendall, Alex and Cipolla, Roberto},
  journal={IEEE transactions on pattern analysis and machine intelligence},
  volume={39},
  number={12},
  pages={2481--2495},
  year={2017},
  publisher={IEEE}
}

@article{BECK2019108910,
title = {Deep neural networks for data-driven LES closure models},
journal = {Journal of Computational Physics},
volume = {398},
pages = {108910},
year = {2019},
issn = {0021-9991},
author = {Andrea Beck and David Flad and Claus-Dieter Munz},
keywords = {Ideal large eddy simulation, Turbulence modeling, Data-driven LES model, Convolutional neural networks, Discontinuous Galerkin method}
}

@article{maulik_san_rasheed_vedula_2019, title={Subgrid modelling for two-dimensional turbulence using neural networks}, volume={858}, journal={Journal of Fluid Mechanics}, publisher={Cambridge University Press}, author={Maulik, R. and San, O. and Rasheed, A. and Vedula, P.}, year={2019}, pages={122–144}}

@article{kutz_2017, title={Deep learning in fluid dynamics}, volume={814}, journal={Journal of Fluid Mechanics}, publisher={Cambridge University Press}, author={Kutz, J. Nathan}, year={2017}, pages={1–4}}

@article{ling_kurzawski_templeton_2016, title={Reynolds averaged turbulence modelling using deep neural networks with embedded invariance}, volume={807},journal={Journal of Fluid Mechanics}, publisher={Cambridge University Press}, author={Ling, Julia and Kurzawski, Andrew and Templeton, Jeremy}, year={2016}, pages={155–166}}

@article{font2021deep,
  title={Deep learning of the spanwise-averaged Navier--Stokes equations},
  author={Font, Bernat and Weymouth, Gabriel D and Nguyen, Vinh-Tan and Tutty, Owen R},
  journal={Journal of Computational Physics},
  volume={434},
  pages={110199},
  year={2021},
  publisher={Elsevier}
}

@book{asch2016data,
  title={Data assimilation: methods, algorithms, and applications},
  author={Asch, Mark and Bocquet, Marc and Nodet, Ma{\"e}lle},
  year={2016},
  publisher={SIAM}
}

@article{jiang2017angular,
  title={An angular momentum conserving affine-particle-in-cell method},
  author={Jiang, Chenfanfu and Schroeder, Craig and Teran, Joseph},
  journal={Journal of Computational Physics},
  volume={338},
  pages={137--164},
  year={2017},
  publisher={Elsevier}
}

@article{kiara2013sph,
  title={SPH for incompressible free-surface flows. Part I: error analysis of the basic assumptions},
  author={Kiara, Areti and Hendrickson, Kelli and Yue, Dick KP},
  journal={Computers \& Fluids},
  volume={86},
  pages={611--624},
  year={2013},
  publisher={Elsevier}
}

@article{he2002comparison,
  title={Comparison of the lattice Boltzmann method and the artificial compressibility method for Navier--Stokes equations},
  author={He, Xiaoyi and Doolen, Gary D and Clark, T},
  journal={Journal of Computational Physics},
  volume={179},
  number={2},
  pages={439--451},
  year={2002},
  publisher={Elsevier}
}

@article{ozbay2021poisson,
  title={Poisson CNN: Convolutional neural networks for the solution of the Poisson equation on a Cartesian mesh},
  author={{\"O}zbay, Ali Girayhan and Hamzehloo, Arash and Laizet, Sylvain and Tzirakis, Panagiotis and Rizos, Georgios and Schuller, Bj{\"o}rn},
  journal={Data-Centric Engineering},
  volume={2},
  year={2021},
  publisher={Cambridge University Press}
}

@ARTICLE{Xiao2020,
  author={Xiao, Xiangyun and Zhou, Yanqing and Wang, Hui and Yang, Xubo},
  journal={IEEE Transactions on Visualization and Computer Graphics}, 
  title={A Novel CNN-Based Poisson Solver for Fluid Simulation}, 
  year={2020},
  volume={26},
  number={3},
  pages={1454-1465},
}
  
@inproceedings{ajuria2020,
  title={Towards an hybrid computational strategy based on Deep Learning for incompressible flows},
  author={Ajuria Illarramendi, Ekhi and Alguacil, Antonio and Bauerheim, Micha{\"e}l and Misdariis, Antony and Cuenot, Benedicte and Benazera, Emmanuel},
  booktitle={AIAA AVIATION 2020 FORUM},
  pages={3058},
  year={2020}
}

@article{RevelsLubinPapamarkou2016,
    title = {Forward-Mode Automatic Differentiation in {J}ulia},
   author = {{Revels}, J. and {Lubin}, M. and {Papamarkou}, T.},
  journal = {arXiv:1607.07892 [cs.MS]},
     year = {2016}
}

@article{bezanson2017julia,
  title={Julia: A fresh approach to numerical computing},
  author={Bezanson, Jeff and Edelman, Alan and Karpinski, Stefan and Shah, Viral B},
  journal={SIAM review},
  volume={59},
  number={1},
  pages={65--98},
  year={2017},
  publisher={SIAM}
}

 @misc{weymouth2021julia, 
    title={Data-Driven Geometric Multi-Grid for the poisson equation}, url={https://github.com/weymouth/DataDrivenGMG.jl}, journal={GitHub}, 
    author={Weymouth, Gabriel D}, 
    year={2021}
} 

@article{mogensen2018optim,
  author  = {Mogensen, Patrick Kofod and Riseth, Asbj{\o}rn Nilsen},
  title   = {Optim: A mathematical optimization package for {Julia}},
  journal = {Journal of Open Source Software},
  year    = {2018},
  volume  = {3},
  number  = {24},
  pages   = {615},
  doi     = {10.21105/joss.00615}
}

@article{maertens2015accurate,
  title={Accurate Cartesian-grid simulations of near-body flows at intermediate Reynolds numbers},
  author={Maertens, Audrey P and Weymouth, Gabriel D},
  journal={Computer Methods in Applied Mechanics and Engineering},
  volume={283},
  pages={106--129},
  year={2015},
  publisher={Elsevier}
}

@article{oosterlee2003genetic,
  title={A genetic search for optimal multigrid components within a Fourier analysis setting},
  author={Oosterlee, Cornelis W and Wienands, Roman},
  journal={SIAM Journal on Scientific Computing},
  volume={24},
  number={3},
  pages={924--944},
  year={2003},
  publisher={SIAM}
}

@book{briggs2000multigrid,
  title={A multigrid tutorial},
  author={Briggs, William L and Henson, Van Emden and McCormick, Steve F},
  year={2000},
  publisher={SIAM}
}

@inproceedings{greenfeld2019learning,
  title={Learning to optimize multigrid PDE solvers},
  author={Greenfeld, Daniel and Galun, Meirav and Basri, Ronen and Yavneh, Irad and Kimmel, Ron},
  booktitle={International Conference on Machine Learning},
  pages={2415--2423},
  year={2019},
  organization={PMLR}
}

@article{brezina2006adaptive,
  title={Adaptive algebraic multigrid},
  author={Brezina, Marian and Falgout, R and MacLachlan, Scott and Manteuffel, T and McCormick, S and Ruge, John},
  journal={SIAM Journal on Scientific Computing},
  volume={27},
  number={4},
  pages={1261--1286},
  year={2006},
  publisher={SIAM}
}